@book{schutz_2009, 
place={Cambridge}, 
edition={2nd}, 
title={A First Course in General Relativity}, 
DOI={10.1017/CBO9780511984181}, 
publisher={Cambridge University Press}, 
author={Schutz, Bernard}, 
year={2009}}

@book{weyl, 
title= "Space—Time—Matter", 
author= "Weyl, Hermann", 
publisher= "Project Gutenberg", 
year="2013", 
url = "https://www.gutenberg.org/files/43006/43006-pdf.pdf"}

@Inbook{Moschella2006,
author="Moschella, Ugo",
editor="Damour, Thibault
and Darrigol, Olivier
and Duplantier, Bertrand
and Rivasseau, Vincent",
title="The de Sitter and anti-de Sitter Sightseeing Tour",
bookTitle="Einstein, 1905--2005: Poincar{\'e} Seminar 2005",
year="2006",
publisher="Birkh{\"a}user Basel",
address="Basel",
pages="120--133",
isbn="978-3-7643-7436-5",
doi="10.1007/3-7643-7436-5_4",
url="https://doi.org/10.1007/3-7643-7436-5_4"
}

@article{Greene_2006,
doi = {10.1088/1126-6708/2006/04/057},
url = {https://dx.doi.org/10.1088/1126-6708/2006/04/057},
year = {2006},
month = {apr},
publisher = {},
volume = {2006},
number = {04},
pages = {057},
author = {Brian R. Greene and  Maulik K. Parikh and  Jan Pieter van der Schaar},
title = "Universal correction to the inflationary vacuum",
journal = {Journal of High Energy Physics},
}

@article{Forghani_2022,
	doi = {10.1016/j.physletb.2022.137411},
  
	url = {https://doi.org/10.1016%2Fj.physletb.2022.137411},
  
	year = 2022,
	month = {November},
  
	publisher = {Elsevier {BV}
},
  
	volume = {834},
  
	pages = {137411},
  
	author = {S. Danial Forghani and S. Habib Mazharimousavi},
  
	title = {{A closed universe: de Sitter cosmic gate}},
  
	journal = {Physics Letters B}
}

@book{carroll_2019, place={Cambridge}, title={Spacetime and Geometry: An Introduction to General Relativity}, DOI={10.1017/9781108770385}, publisher={Cambridge University Press}, author={Carroll, Sean M.}, year={2019}}

@article{Bohmer,
    author = {Böhmer, C. G. and Harko, T.},
    title = "{On Einstein clusters as galactic dark matter haloes}",
    journal = {Monthly Notices of the Royal Astronomical Society},
    volume = {379},
    number = {1},
    pages = {393-398},
    year = {2007},
    month = {06},
    issn = {0035-8711},
    doi = {10.1111/j.1365-2966.2007.11977.x},
    url = {https://doi.org/10.1111/j.1365-2966.2007.11977.x},
    eprint = {https://academic.oup.com/mnras/article-pdf/379/1/393/3937469/mnras0379-0393.pdf},
}

@article{doi:10.1142/S2010194512006356,
author = {Geralico, Andrea and Pompi, Francesca and Ruffini, Remo},
title = {{On Einstein Clusters}},
journal = {International Journal of Modern Physics: Conference Series},
volume = {12},
number = {},
pages = {146-173},
year = {2012},
doi = {10.1142/S2010194512006356},

URL = { 
    
        https://doi.org/10.1142/S2010194512006356
    
    

},
eprint = { 
    
        https://doi.org/10.1142/S2010194512006356
    
    

}
}

@misc{Matplotlib,
    title = {Matplotlib},
    howpublished = {\url{https://matplotlib.org/}}
}